@ARTICLE{2018arXiv181206076H,
       author = {{Hildebrandt}, H. and {K{\"o}hlinger}, F. and {van den Busch}, J.~L. and
         {Joachimi}, B. and {Heymans}, C. and {Kannawadi}, A. and
         {Wright}, A.~H. and {Asgari}, M. and {Blake}, C. and {Hoekstra}, H. and
         {Joudaki}, S. and {Kuijken}, K. and {Miller}, L. and {Morrison}, C.~B. and
         {Tr{\"o}ster}, T. and {Amon}, A. and {Archidiacono}, M. and
         {Brieden}, S. and {Choi}, A. and {de Jong}, J.~T.~A. and {Erben}, T. and
         {Giblin}, B. and {Mead}, A. and {Peacock}, J.~A. and {Radovich}, M. and
         {Schneider}, P. and {Sif{\'o}n}, C. and {Tewes}, M.},
        title = "{KiDS+VIKING-450: Cosmic shear tomography with optical+infrared data}",
      journal = {arXiv e-prints},
     keywords = {Astrophysics - Cosmology and Nongalactic Astrophysics},
         year = "2018",
        month = "Dec",
          eid = {arXiv:1812.06076},
        pages = {arXiv:1812.06076},
archivePrefix = {arXiv},
       eprint = {1812.06076},
 primaryClass = {astro-ph.CO},
       adsurl = {https://ui.adsabs.harvard.edu/abs/2018arXiv181206076H},
      adsnote = {Provided by the SAO/NASA Astrophysics Data System}
}

@ARTICLE{2018arXiv181206077W,
       author = {{Wright}, Angus H. and {Hildebrandt}, Hendrik and {Kuijken}, Konrad and
         {Erben}, Thomas and {Blake}, Robert and {Buddelmeijer}, Hugo and
         {Choi}, Ami and {Cross}, Nicholas and {de Jong}, Jelte T.~A. and
         {Edge}, Alastair and {Gonzalez-Fernandez}, Carlos and
         {Gonz{\'a}lez Solares}, Eduardo and {Grado}, Aniello and
         {Heymans}, Catherine and {Irwin}, Mike and {Kupcu Yoldas}, Aybuke and
         {Lewis}, James R. and {Mann}, Robert G. and {Napolitano}, Nicola and
         {Radovich}, Mario and {Schneider}, Peter and
         {Sif{\'o}n}, Crist{\'o}bal and {Sutherland}, William and
         {Sutorius}, Eckhard and {Verdoes Kleijn}, Gijs A.},
        title = "{KiDS+VIKING-450: A new combined optical \&amp; near-IR dataset for cosmology and astrophysics}",
      journal = {arXiv e-prints},
     keywords = {Astrophysics - Cosmology and Nongalactic Astrophysics, Astrophysics - Astrophysics of Galaxies, Astrophysics - Instrumentation and Methods for Astrophysics},
         year = "2018",
        month = "Dec",
          eid = {arXiv:1812.06077},
        pages = {arXiv:1812.06077},
archivePrefix = {arXiv},
       eprint = {1812.06077},
 primaryClass = {astro-ph.CO},
       adsurl = {https://ui.adsabs.harvard.edu/abs/2018arXiv181206077W},
      adsnote = {Provided by the SAO/NASA Astrophysics Data System}
}

@ARTICLE{BPZ_2000ApJ,
       author = {{Ben{\'\i}tez}, Narciso},
        title = "{Bayesian Photometric Redshift Estimation}",
      journal = {\apj},
     keywords = {Galaxies: Distances and Redshifts, Galaxies: Photometry, Methods: Statistical, Astrophysics},
         year = "2000",
        month = "Jun",
       volume = {536},
       number = {2},
        pages = {571-583},
          doi = {10.1086/308947},
archivePrefix = {arXiv},
       eprint = {astro-ph/9811189},
 primaryClass = {astro-ph},
       adsurl = {https://ui.adsabs.harvard.edu/abs/2000ApJ...536..571B},
      adsnote = {Provided by the SAO/NASA Astrophysics Data System}
}

@ARTICLE{BPZ_2006AJ,
       author = {{Coe}, Dan and {Ben{\'\i}tez}, Narciso and
         {S{\'a}nchez}, Sebasti{\'a}n F. and {Jee}, Myungkook and
         {Bouwens}, Rychard and {Ford}, Holland},
        title = "{Galaxies in the Hubble Ultra Deep Field. I. Detection, Multiband Photometry, Photometric Redshifts, and Morphology}",
      journal = {\aj},
     keywords = {Cosmology: Observations, Galaxies: Distances and Redshifts, Galaxies: Evolution, Galaxies: Photometry, Galaxies: Statistics, Galaxies: Structure, Astrophysics},
         year = "2006",
        month = "Aug",
       volume = {132},
       number = {2},
        pages = {926-959},
          doi = {10.1086/505530},
archivePrefix = {arXiv},
       eprint = {astro-ph/0605262},
 primaryClass = {astro-ph},
       adsurl = {https://ui.adsabs.harvard.edu/abs/2006AJ....132..926C},
      adsnote = {Provided by the SAO/NASA Astrophysics Data System}
}

@ARTICLE{BPZ_2014ApJ,
       author = {{Raichoor}, A. and {Mei}, S. and {Erben}, T. and {Hildebrandt}, H. and
         {Huertas-Company}, M. and {Ilbert}, O. and {Licitra}, R. and
         {Ball}, N.~M. and {Boissier}, S. and {Boselli}, A. and {Chen}, Y. -T. and
         {C{\^o}t{\'e}}, P. and {Cuillandre}, J. -C. and {Duc}, P.~A. and
         {Durrell}, P.~R. and {Ferrarese}, L. and {Guhathakurta}, P. and
         {Gwyn}, S.~D.~J. and {Kavelaars}, J.~J. and {Lan{\c{c}}on}, A. and
         {Liu}, C. and {MacArthur}, L.~A. and {Muller}, M. and
         {Mu{\~n}oz}, R.~P. and {Peng}, E.~W. and {Puzia}, T.~H. and
         {Sawicki}, M. and {Toloba}, E. and {Van Waerbeke}, L. and {Woods}, D. and
         {Zhang}, H.},
        title = "{The Next Generation Virgo Cluster Survey. XV. The Photometric Redshift Estimation for Background Sources}",
      journal = {\apj},
     keywords = {galaxies: distances and redshifts, galaxies: high-redshift, galaxies: photometry, techniques: photometric, Astrophysics - Astrophysics of Galaxies, Astrophysics - Cosmology and Nongalactic Astrophysics},
         year = "2014",
        month = "Dec",
       volume = {797},
       number = {2},
          eid = {102},
        pages = {102},
          doi = {10.1088/0004-637X/797/2/102},
archivePrefix = {arXiv},
       eprint = {1410.2276},
 primaryClass = {astro-ph.GA},
       adsurl = {https://ui.adsabs.harvard.edu/abs/2014ApJ...797..102R},
      adsnote = {Provided by the SAO/NASA Astrophysics Data System}
}

@ARTICLE{TREECORR_2004MNRAS,
       author = {{Jarvis}, M. and {Bernstein}, G. and {Jain}, B.},
        title = "{The skewness of the aperture mass statistic}",
      journal = {\mnras},
     keywords = {gravitational lensing, Astrophysics},
         year = "2004",
        month = "Jul",
       volume = {352},
       number = {1},
        pages = {338-352},
          doi = {10.1111/j.1365-2966.2004.07926.x},
archivePrefix = {arXiv},
       eprint = {astro-ph/0307393},
 primaryClass = {astro-ph},
       adsurl = {https://ui.adsabs.harvard.edu/abs/2004MNRAS.352..338J},
      adsnote = {Provided by the SAO/NASA Astrophysics Data System}
}

@ARTICLE{lensfit_2007MNRAS.382..315M,
       author = {{Miller}, L. and {Kitching}, T.~D. and {Heymans}, C. and
         {Heavens}, A.~F. and {van Waerbeke}, L.},
        title = "{Bayesian galaxy shape measurement for weak lensing surveys - I. Methodology and a fast-fitting algorithm}",
      journal = {\mnras},
     keywords = {gravitational lensing, methods: data analysis, methods: statistical, techniques: miscellaneous, Astrophysics},
         year = "2007",
        month = "Nov",
       volume = {382},
       number = {1},
        pages = {315-324},
          doi = {10.1111/j.1365-2966.2007.12363.x},
archivePrefix = {arXiv},
       eprint = {0708.2340},
 primaryClass = {astro-ph},
       adsurl = {https://ui.adsabs.harvard.edu/abs/2007MNRAS.382..315M},
      adsnote = {Provided by the SAO/NASA Astrophysics Data System}
}
@ARTICLE{lensfit_2008MNRAS.390..149K,
       author = {{Kitching}, T.~D. and {Miller}, L. and {Heymans}, C.~E. and
         {van Waerbeke}, L. and {Heavens}, A.~F.},
        title = "{Bayesian galaxy shape measurement for weak lensing surveys - II. Application to simulations}",
      journal = {\mnras},
     keywords = {gravitational lensing, methods: data analysis, methods: numerical, methods: statistical, cosmology: observation, Astrophysics},
         year = "2008",
        month = "Oct",
       volume = {390},
       number = {1},
        pages = {149-167},
          doi = {10.1111/j.1365-2966.2008.13628.x},
archivePrefix = {arXiv},
       eprint = {0802.1528},
 primaryClass = {astro-ph},
       adsurl = {https://ui.adsabs.harvard.edu/abs/2008MNRAS.390..149K},
      adsnote = {Provided by the SAO/NASA Astrophysics Data System}
}
@ARTICLE{lensfit_2013MNRAS.429.2858M,
       author = {{Miller}, L. and {Heymans}, C. and {Kitching}, T.~D. and
         {van Waerbeke}, L. and {Erben}, T. and {Hildebrandt}, H. and
         {Hoekstra}, H. and {Mellier}, Y. and {Rowe}, B.~T.~P. and {Coupon}, J. and
         {Dietrich}, J.~P. and {Fu}, L. and {Harnois-D{\'e}raps}, J. and
         {Hudson}, M.~J. and {Kilbinger}, M. and {Kuijken}, K. and
         {Schrabback}, T. and {Semboloni}, E. and {Vafaei}, S. and {Veland
        er}, M.},
        title = "{Bayesian galaxy shape measurement for weak lensing surveys - III. Application to the Canada-France-Hawaii Telescope Lensing Survey}",
      journal = {\mnras},
     keywords = {gravitational lensing: weak, methods: data analysis, methods: statistical, cosmology: observations, Astrophysics - Cosmology and Extragalactic Astrophysics},
         year = "2013",
        month = "Mar",
       volume = {429},
       number = {4},
        pages = {2858-2880},
          doi = {10.1093/mnras/sts454},
archivePrefix = {arXiv},
       eprint = {1210.8201},
 primaryClass = {astro-ph.CO},
       adsurl = {https://ui.adsabs.harvard.edu/abs/2013MNRAS.429.2858M},
      adsnote = {Provided by the SAO/NASA Astrophysics Data System}
}

@ARTICLE{ImSim_2017MNRAS.467.1627F,
       author = {{Fenech Conti}, I. and {Herbonnet}, R. and {Hoekstra}, H. and
         {Merten}, J. and {Miller}, L. and {Viola}, M.},
        title = "{Calibration of weak-lensing shear in the Kilo-Degree Survey}",
      journal = {\mnras},
     keywords = {gravitational lensing: weak, surveys, cosmology: observations, Astrophysics - Cosmology and Nongalactic Astrophysics, Astrophysics - Instrumentation and Methods for Astrophysics},
         year = "2017",
        month = "May",
       volume = {467},
       number = {2},
        pages = {1627-1651},
          doi = {10.1093/mnras/stx200},
archivePrefix = {arXiv},
       eprint = {1606.05337},
 primaryClass = {astro-ph.CO},
       adsurl = {https://ui.adsabs.harvard.edu/abs/2017MNRAS.467.1627F},
      adsnote = {Provided by the SAO/NASA Astrophysics Data System}
}
@ARTICLE{ImSim_2019A&A...624A..92K,
       author = {{Kannawadi}, Arun and {Hoekstra}, Henk and {Miller}, Lance and
         {Viola}, Massimo and {Fenech Conti}, Ian and {Herbonnet}, Ricardo and
         {Erben}, Thomas and {Heymans}, Catherine and {Hildebrandt}, Hendrik and
         {Kuijken}, Konrad and {Vakili}, Mohammadjavad and {Wright}, Angus H.},
        title = "{Towards emulating cosmic shear data: revisiting the calibration of the shear measurements for the Kilo-Degree Survey}",
      journal = {\aap},
     keywords = {gravitational lensing: weak, cosmology: observations, large-scale structure of Universe, cosmological parameters, Astrophysics - Cosmology and Nongalactic Astrophysics},
         year = "2019",
        month = "Apr",
       volume = {624},
          eid = {A92},
        pages = {A92},
          doi = {10.1051/0004-6361/201834819},
archivePrefix = {arXiv},
       eprint = {1812.03983},
 primaryClass = {astro-ph.CO},
       adsurl = {https://ui.adsabs.harvard.edu/abs/2019A&A...624A..92K},
      adsnote = {Provided by the SAO/NASA Astrophysics Data System}
}

@ARTICLE{shearbias_2006MNRAS.368.1323H,
       author = {{Heymans}, Catherine and {Van Waerbeke}, Ludovic and {Bacon}, David and
         {Berge}, Joel and {Bernstein}, Gary and {Bertin}, Emmanuel and
         {Bridle}, Sarah and {Brown}, Michael L. and {Clowe}, Douglas and
         {Dahle}, H{\r{a}}kon and {Erben}, Thomas and {Gray}, Meghan and
         {Hetterscheidt}, Marco and {Hoekstra}, Henk and {Hudelot}, Patrick and
         {Jarvis}, Mike and {Kuijken}, Konrad and {Margoniner}, Vera and
         {Massey}, Richard and {Mellier}, Yannick and {Nakajima}, Reiko and
         {Refregier}, Alexandre and {Rhodes}, Jason and {Schrabback}, Tim and
         {Wittman}, David},
        title = "{The Shear Testing Programme - I. Weak lensing analysis of simulated ground-based observations}",
      journal = {\mnras},
     keywords = {gravitational lensing, cosmology: observations, large-scale structure of Universe, Astrophysics},
         year = "2006",
        month = "May",
       volume = {368},
       number = {3},
        pages = {1323-1339},
          doi = {10.1111/j.1365-2966.2006.10198.x},
archivePrefix = {arXiv},
       eprint = {astro-ph/0506112},
 primaryClass = {astro-ph},
       adsurl = {https://ui.adsabs.harvard.edu/abs/2006MNRAS.368.1323H},
      adsnote = {Provided by the SAO/NASA Astrophysics Data System}
}
@ARTICLE{shearbias_2007MNRAS.376...13M,
       author = {{Massey}, Richard and {Heymans}, Catherine and {Berg{\'e}}, Joel and
         {Bernstein}, Gary and {Bridle}, Sarah and {Clowe}, Douglas and
         {Dahle}, H{\r{a}}kon and {Ellis}, Richard and {Erben}, Thomas and
         {Hetterscheidt}, Marco and {High}, F. William and
         {Hirata}, Christopher and {Hoekstra}, Henk and {Hudelot}, Patrick and
         {Jarvis}, Mike and {Johnston}, David and {Kuijken}, Konrad and
         {Margoniner}, Vera and {Mandelbaum}, Rachel and {Mellier}, Yannick and
         {Nakajima}, Reiko and {Paulin-Henriksson}, Stephane and
         {Peeples}, Molly and {Roat}, Chris and {Refregier}, Alexandre and
         {Rhodes}, Jason and {Schrabback}, Tim and {Schirmer}, Mischa and
         {Seljak}, Uro{\v{s}} and {Semboloni}, Elisabetta and
         {van Waerbeke}, Ludovic},
        title = "{The Shear Testing Programme 2: Factors affecting high-precision weak-lensing analyses}",
      journal = {\mnras},
     keywords = {gravitational lensing, methods: data analysis, cosmology: observations, Astrophysics},
         year = "2007",
        month = "Mar",
       volume = {376},
       number = {1},
        pages = {13-38},
          doi = {10.1111/j.1365-2966.2006.11315.x},
archivePrefix = {arXiv},
       eprint = {astro-ph/0608643},
 primaryClass = {astro-ph},
       adsurl = {https://ui.adsabs.harvard.edu/abs/2007MNRAS.376...13M},
      adsnote = {Provided by the SAO/NASA Astrophysics Data System}
}

